@article{shelke2023cvreview,
author = {Shelke, Shreya and Pathak, Indrayani and Sangai, Aniket and Lunge, Dipali and Shahale, Kalyani and Vyawahare, Harsha},
year = {2023},
month = {03},
pages = {673-677},
title = {A Review Paper on Computer Vision},
journal = {International Journal of Advanced Research in Science, Communication and Technology},
doi = {10.48175/IJARSCT-8901}
}

@misc{ibm2023vision,
  author       = {{IBM}},
  title        = {What is Computer Vision?},
  year         = {2023},
  howpublished = {\url{https://www.ibm.com/think/topics/computer-vision}},
  note         = {Accessed: 2025-05-12}
}

@article{Gao_2020,
   title={Julia language in machine learning: Algorithms, applications, and open issues},
   volume={37},
   ISSN={1574-0137},
   url={http://dx.doi.org/10.1016/j.cosrev.2020.100254},
   DOI={10.1016/j.cosrev.2020.100254},
   journal={Computer Science Review},
   publisher={Elsevier BV},
   author={Gao, Kaifeng and Mei, Gang and Piccialli, Francesco and Cuomo, Salvatore and Tu, Jingzhi and Huo, Zenan},
   year={2020},
   month=aug, pages={100254} }

   @article{Esteva2021,
  author    = {Andre Esteva and Katherine Chou and Serena Yeung and Nikhil Naik and Ali Madani and Ali Mottaghi and Yun Liu and Eric Topol and Jeff Dean and Richard Socher},
  title     = {Deep learning-enabled medical computer vision},
  journal   = {npj Digital Medicine},
  volume    = {4},
  number    = {1},
  pages     = {5},
  year      = {2021},
  doi       = {10.1038/s41746-020-00376-2},
  url       = {https://doi.org/10.1038/s41746-020-00376-2}
}

@unknown{unknown1,
author = {Dong, Xingshuai and Cappuccio, Massimiliano},
year = {2023},
month = {11},
pages = {},
title = {Applications of Computer Vision in Autonomous Vehicles: Methods, Challenges and Future Directions},
doi = {10.13140/RG.2.2.28479.89766}
}

@article{article1,
author = {Shahria, Md Tanzil and Sunny, Md. Samiul and Islam, Ishrak and Ghommam, Jawhar and Ahamed, Sheikh and Rahman, Mohammad},
year = {2022},
month = {12},
pages = {},
title = {A Comprehensive Review of Vision-Based Robotic Applications: Current State, Components, Approaches, Barriers, and Potential Solutions},
volume = {11},
journal = {Robotics},
doi = {10.3390/robotics11060139}
}


@article{DBLP:journals/corr/abs-2001-05566,
  author       = {Shervin Minaee and
                  Yuri Boykov and
                  Fatih Porikli and
                  Antonio Plaza and
                  Nasser Kehtarnavaz and
                  Demetri Terzopoulos},
  title        = {Image Segmentation Using Deep Learning: {A} Survey},
  journal      = {CoRR},
  volume       = {abs/2001.05566},
  year         = {2020},
  url          = {https://arxiv.org/abs/2001.05566},
  eprinttype    = {arXiv},
  eprint       = {2001.05566},
  timestamp    = {Fri, 17 Jan 2020 14:07:30 +0100},
  biburl       = {https://dblp.org/rec/journals/corr/abs-2001-05566.bib},
  bibsource    = {dblp computer science bibliography, https://dblp.org}
}

@misc{csurka2023semanticimagesegmentationdecades,
      title={Semantic Image Segmentation: Two Decades of Research}, 
      author={Gabriela Csurka and Riccardo Volpi and Boris Chidlovskii},
      year={2023},
      eprint={2302.06378},
      archivePrefix={arXiv},
      primaryClass={cs.CV},
      url={https://arxiv.org/abs/2302.06378}, 
}

@misc{boesch2024computer,
  author       = {Gaudenz Boesch},
  title        = {Computer Vision Tasks (Comprehensive 2025 Guide)},
  year         = {2024},
  month        = {October},
  url          = {https://viso.ai/deep-learning/computer-vision-tasks/}
}

@article{zhou2024comprehensive,
  author       = {Zhou, Linglong and Wu, Guoxin and Zuo, Yunbo and Chen, Xuanyu and Hu, Hongle},
  title        = {A Comprehensive Review of Vision-Based 3D Reconstruction Methods},
  journal      = {Sensors},
  volume       = {24},
  number       = {7},
  pages        = {2314},
  year         = {2024},
  month        = {April},
  publisher    = {MDPI},
  doi          = {10.3390/s24072314},
  pmid         = {38610525},
  pmcid        = {PMC11014007}
}

@article{DBLP:journals/corr/CordtsORREBFRS16,
  author       = {Marius Cordts and
                  Mohamed Omran and
                  Sebastian Ramos and
                  Timo Rehfeld and
                  Markus Enzweiler and
                  Rodrigo Benenson and
                  Uwe Franke and
                  Stefan Roth and
                  Bernt Schiele},
  title        = {The Cityscapes Dataset for Semantic Urban Scene Understanding},
  journal      = {CoRR},
  volume       = {abs/1604.01685},
  year         = {2016},
  url          = {http://arxiv.org/abs/1604.01685},
  eprinttype    = {arXiv},
  eprint       = {1604.01685},
  timestamp    = {Mon, 13 Aug 2018 16:47:48 +0200},
  biburl       = {https://dblp.org/rec/journals/corr/CordtsORREBFRS16.bib},
  bibsource    = {dblp computer science bibliography, https://dblp.org}
}


@article{Everingham2010,
  author    = {Mark Everingham and Luc Van Gool and Christopher K. I. Williams and John Winn and Andrew Zisserman},
  title     = {The Pascal Visual Object Classes (VOC) Challenge},
  journal   = {International Journal of Computer Vision},
  volume    = {88},
  number    = {2},
  pages     = {303--338},
  year      = {2010},
  doi       = {10.1007/s11263-009-0275-4},
  url       = {https://doi.org/10.1007/s11263-009-0275-4},
  issn      = {1573-1405}
}

@INPROCEEDINGS{8100027,
  author={Zhou, Bolei and Zhao, Hang and Puig, Xavier and Fidler, Sanja and Barriuso, Adela and Torralba, Antonio},
  booktitle={2017 IEEE Conference on Computer Vision and Pattern Recognition (CVPR)}, 
  title={Scene Parsing through ADE20K Dataset}, 
  year={2017},
  volume={},
  number={},
  pages={5122-5130},
  keywords={Image segmentation;Semantics;Sun;Labeling;Visualization;Neural networks;Computer vision},
  doi={10.1109/CVPR.2017.544}}

  @misc{zhou2018semanticunderstandingscenesade20k,
      title={Semantic Understanding of Scenes through the ADE20K Dataset}, 
      author={Bolei Zhou and Hang Zhao and Xavier Puig and Tete Xiao and Sanja Fidler and Adela Barriuso and Antonio Torralba},
      year={2018},
      eprint={1608.05442},
      archivePrefix={arXiv},
      primaryClass={cs.CV},
      url={https://arxiv.org/abs/1608.05442}, 
}

  @article{article2,
author = {Chris, Emmanuel and Kate, Jonhson and Juliet, Allison},
year = {2025},
month = {12},
pages = {},
title = {The Evolution of Computer Vision: From Pixels to Perception}
}

@inproceedings{NIPS2012_c399862d,
 author = {Krizhevsky, Alex and Sutskever, Ilya and Hinton, Geoffrey E},
 booktitle = {Advances in Neural Information Processing Systems},
 editor = {F. Pereira and C.J. Burges and L. Bottou and K.Q. Weinberger},
 pages = {},
 publisher = {Curran Associates, Inc.},
 title = {ImageNet Classification with Deep Convolutional Neural Networks},
 url = {https://proceedings.neurips.cc/paper_files/paper/2012/file/c399862d3b9d6b76c8436e924a68c45b-Paper.pdf},
 volume = {25},
 year = {2012}
}

@misc{russakovsky2015imagenetlargescalevisual,
      title={ImageNet Large Scale Visual Recognition Challenge}, 
      author={Olga Russakovsky and Jia Deng and Hao Su and Jonathan Krause and Sanjeev Satheesh and Sean Ma and Zhiheng Huang and Andrej Karpathy and Aditya Khosla and Michael Bernstein and Alexander C. Berg and Li Fei-Fei},
      year={2015},
      eprint={1409.0575},
      archivePrefix={arXiv},
      primaryClass={cs.CV},
      url={https://arxiv.org/abs/1409.0575}, 
}

@article{Hafiz_2020,
   title={A survey on instance segmentation: state of the art},
   volume={9},
   ISSN={2192-662X},
   url={http://dx.doi.org/10.1007/s13735-020-00195-x},
   DOI={10.1007/s13735-020-00195-x},
   number={3},
   journal={International Journal of Multimedia Information Retrieval},
   publisher={Springer Science and Business Media LLC},
   author={Hafiz, Abdul Mueed and Bhat, Ghulam Mohiuddin},
   year={2020},
   month=jul, pages={171–189} }

   @misc{lin2015microsoftcococommonobjects,
      title={Microsoft COCO: Common Objects in Context}, 
      author={Tsung-Yi Lin and Michael Maire and Serge Belongie and Lubomir Bourdev and Ross Girshick and James Hays and Pietro Perona and Deva Ramanan and C. Lawrence Zitnick and Piotr Dollár},
      year={2015},
      eprint={1405.0312},
      archivePrefix={arXiv},
      primaryClass={cs.CV},
      url={https://arxiv.org/abs/1405.0312}, 
}

@misc{elharrouss2021panopticsegmentationreview,
      title={Panoptic Segmentation: A Review}, 
      author={Omar Elharrouss and Somaya Al-Maadeed and Nandhini Subramanian and Najmath Ottakath and Noor Almaadeed and Yassine Himeur},
      year={2021},
      eprint={2111.10250},
      archivePrefix={arXiv},
      primaryClass={cs.CV},
      url={https://arxiv.org/abs/2111.10250}, 
}

@online{shah2023coco,
  author       = {Deval Shah},
  title        = {COCO Dataset: All You Need to Know to Get Started},
  year         = {2023},
  url          = {https://www.v7labs.com/blog/coco-dataset-guide},
  organization = {V7 Labs}
}

@INPROCEEDINGS{6909514,
  author={Mottaghi, Roozbeh and Chen, Xianjie and Liu, Xiaobai and Cho, Nam-Gyu and Lee, Seong-Whan and Fidler, Sanja and Urtasun, Raquel and Yuille, Alan},
  booktitle={2014 IEEE Conference on Computer Vision and Pattern Recognition}, 
  title={The Role of Context for Object Detection and Semantic Segmentation in the Wild}, 
  year={2014},
  volume={},
  number={},
  pages={891-898},
  keywords={Context;Context modeling;Image segmentation;Semantics;Vegetation;Object detection;Buildings},
  doi={10.1109/CVPR.2014.119}}

  @INPROCEEDINGS{5539970,
  author={Xiao, Jianxiong and Hays, James and Ehinger, Krista A. and Oliva, Aude and Torralba, Antonio},
  booktitle={2010 IEEE Computer Society Conference on Computer Vision and Pattern Recognition}, 
  title={SUN database: Large-scale scene recognition from abbey to zoo}, 
  year={2010},
  volume={},
  number={},
  pages={3485-3492},
  keywords={Sun;Large-scale systems;Layout;Humans;Image databases;Computer vision;Anthropometry;Bridges;Legged locomotion;Spatial databases},
  doi={10.1109/CVPR.2010.5539970}}

@misc{cheng2022maskedattentionmasktransformeruniversal,
      title={Masked-attention Mask Transformer for Universal Image Segmentation}, 
      author={Bowen Cheng and Ishan Misra and Alexander G. Schwing and Alexander Kirillov and Rohit Girdhar},
      year={2022},
      eprint={2112.01527},
      archivePrefix={arXiv},
      primaryClass={cs.CV},
      url={https://arxiv.org/abs/2112.01527},  
}

@misc{taghavi2024swinmtlsharedarchitecturesimultaneous,
      title={SwinMTL: A Shared Architecture for Simultaneous Depth Estimation and Semantic Segmentation from Monocular Camera Images}, 
      author={Pardis Taghavi and Reza Langari and Gaurav Pandey},
      year={2024},
      eprint={2403.10662},
      archivePrefix={arXiv},
      primaryClass={cs.CV},
      url={https://arxiv.org/abs/2403.10662}, 
}

@misc{fan2021tao,
  author       = {Zhimeng Fan and Yu Wang and Yue Zhu and Jeffery Zhao},
  title        = {Preparing State-of-the-Art Models for Classification and Object Detection with NVIDIA TAO Toolkit},
  year         = {2021},
  month        = {February},
  url          = {https://developer.nvidia.com/blog/preparing-state-of-the-art-models-for-classification-and-object-detection-with-tao-toolkit/},
  note         = {Accessed: 2025-06-24}
}

@misc{zhang2019basicneuralunitsbrain,
      title={Basic Neural Units of the Brain: Neurons, Synapses and Action Potential}, 
      author={Jiawei Zhang},
      year={2019},
      eprint={1906.01703},
      archivePrefix={arXiv},
      primaryClass={q-bio.NC},
      url={https://arxiv.org/abs/1906.01703}, 
}

@online{bhandari2025confusion,
  author    = {Aniruddha Bhandari},
  title     = {Confusion Matrix in Machine Learning},
  year      = {2025},
  url       = {https://www.analyticsvidhya.com/blog/2020/04/confusion-matrix-machine-learning/},
  organization = {Analytics Vidhya}
}

@InProceedings{Kirillov_2019_CVPR,
author = {Kirillov, Alexander and He, Kaiming and Girshick, Ross and Rother, Carsten and Dollar, Piotr},
title = {Panoptic Segmentation},
booktitle = {Proceedings of the IEEE/CVF Conference on Computer Vision and Pattern Recognition (CVPR)},
month = {June},
year = {2019}
}

@online{Kookna2022Segmentation,
  author    = {Vikas Kookna},
  title     = {Semantic vs. Instance vs. Panoptic Segmentation},
  year      = {2022},
  url       = {https://pyimagesearch.com/2022/06/29/semantic-vs-instance-vs-panoptic-segmentation/},
}

@online{Bex2021MulticlassMetrics,
  author    = {Bex T.},
  title     = {Comprehensive Guide to Multiclass Classification Metrics},
  year      = {2021},
  url       = {https://medium.com/data-science/comprehensive-guide-on-multiclass-classification-metrics-af94cfb83fbd},
}

@misc{grandini2020metricsmulticlassclassificationoverview,
      title={Metrics for Multi-Class Classification: an Overview}, 
      author={Margherita Grandini and Enrico Bagli and Giorgio Visani},
      year={2020},
      eprint={2008.05756},
      archivePrefix={arXiv},
      primaryClass={stat.ML},
      url={https://arxiv.org/abs/2008.05756}, 
}

@online{shah2022map,
  author    = {Deval Shah},
  title     = {Mean Average Precision (mAP) Explained: Everything You Need to Know},
  year      = {2022},
  url       = {https://www.v7labs.com/blog/mean-average-precision},
  publisher = {V7 Labs},
}

@misc{nwankpa2018activationfunctionscomparisontrends,
      title={Activation Functions: Comparison of trends in Practice and Research for Deep Learning}, 
      author={Chigozie Nwankpa and Winifred Ijomah and Anthony Gachagan and Stephen Marshall},
      year={2018},
      eprint={1811.03378},
      archivePrefix={arXiv},
      primaryClass={cs.LG},
      url={https://arxiv.org/abs/1811.03378}, 
}

@online{Navlani2022Activation,
  author    = {Avinash Navlani},
  title     = {Activation Functions},
  year      = {2022},
  url       = {https://avinashnavlani.medium.com/activation-functions-c5e6316562ea}
}

@online{codecademy_linear_activation_2023,
  author    = {Shanmukha M K},
  title     = {Linear Activation Function},
  year      = {2023},
  url       = {https://www.codecademy.com/resources/docs/ai/neural-networks/linear-activation-function},
}

@online{baheti_activation_functions_2021,
  author    = {Pragati Baheti},
  title     = {Activation Functions in Neural Networks [12 Types \& Use Cases]},
  year      = {2021},
  url       = {https://www.v7labs.com/blog/neural-networks-activation-functions},
}

@misc{hendrycks2023gaussianerrorlinearunits,
      title={Gaussian Error Linear Units (GELUs)}, 
      author={Dan Hendrycks and Kevin Gimpel},
      year={2023},
      eprint={1606.08415},
      archivePrefix={arXiv},
      primaryClass={cs.LG},
      url={https://arxiv.org/abs/1606.08415}, 
}

@article{rosenblatt1958perceptron,
  title={The perceptron: A probabilistic model for information storage and organization in the brain},
  author={Rosenblatt, Frank},
  journal={Psychological Review},
  volume={65},
  number={6},
  pages={386--408},
  year={1958},
  publisher={American Psychological Association},
  doi={10.1037/h0042519}
}

@article{rosenblatt1958perceptron,
  title={The perceptron: A probabilistic model for information storage and organization in the brain},
  author={Rosenblatt, Frank},
  journal={Psychological Review},
  volume={65},
  number={6},
  pages={386--408},
  year={1958},
  publisher={American Psychological Association},
  doi={10.1037/h0042519}
}

@article{HORNIK1989359,
title = {Multilayer feedforward networks are universal approximators},
journal = {Neural Networks},
volume = {2},
number = {5},
pages = {359-366},
year = {1989},
issn = {0893-6080},
doi = {https://doi.org/10.1016/0893-6080(89)90020-8},
url = {https://www.sciencedirect.com/science/article/pii/0893608089900208},
author = {Kurt Hornik and Maxwell Stinchcombe and Halbert White},
keywords = {Feedforward networks, Universal approximation, Mapping networks, Network representation capability, Stone-Weierstrass Theorem, Squashing functions, Sigma-Pi networks, Back-propagation networks},
abstract = {This paper rigorously establishes that standard multilayer feedforward networks with as few as one hidden layer using arbitrary squashing functions are capable of approximating any Borel measurable function from one finite dimensional space to another to any desired degree of accuracy, provided sufficiently many hidden units are available. In this sense, multilayer feedforward networks are a class of universal approximators.}
}
